<record><leader>01537cam a2200397 i 4500</leader><controlfield tag="001">6698167</controlfield><controlfield tag="003">OCoLC</controlfield><controlfield tag="005">20150529092535.0</controlfield><controlfield tag="008">150220s2015    enk      b    001 0 eng  </controlfield><datafield ind1=" " ind2=" " tag="010"><subfield code="a">  2014048134</subfield></datafield><datafield ind1=" " ind2=" " tag="020"><subfield code="a">9781783480555</subfield><subfield code="q">hardcover</subfield><subfield code="q">alkaline paper</subfield></datafield><datafield ind1=" " ind2=" " tag="020"><subfield code="a">1783480556</subfield><subfield code="q">hardcover</subfield><subfield code="q">alkaline paper</subfield></datafield><datafield ind1=" " ind2=" " tag="020"><subfield code="a">9781783480562</subfield><subfield code="q">paperback</subfield><subfield code="q">alkaline paper</subfield></datafield><datafield ind1=" " ind2=" " tag="020"><subfield code="a">1783480564</subfield><subfield code="q">paperback</subfield><subfield code="q">alkaline paper</subfield></datafield><datafield ind1=" " ind2=" " tag="020"><subfield code="z">9781783480579</subfield><subfield code="q">electronic book</subfield></datafield><datafield ind1=" " ind2=" " tag="035"><subfield code="a">ocn898087041</subfield></datafield><datafield ind1=" " ind2=" " tag="039"><subfield code="a">exclude</subfield></datafield><datafield ind1=" " ind2=" " tag="040"><subfield code="a">DLC</subfield><subfield code="e">rda</subfield><subfield code="b">eng</subfield><subfield code="c">DLC</subfield><subfield code="d">YDX</subfield><subfield code="d">YDXCP</subfield><subfield code="d">BTCTA</subfield><subfield code="d">BDX</subfield><subfield code="d">OCLCF</subfield><subfield code="d">OCLCO</subfield><subfield code="d">CDX</subfield><subfield code="d">AEU</subfield></datafield><datafield ind1=" " ind2=" " tag="042"><subfield code="a">pcc</subfield></datafield><datafield ind1="0" ind2="0" tag="050"><subfield code="a">JF1525.A8</subfield><subfield code="b">I68 2015</subfield></datafield><datafield ind1="0" ind2="0" tag="082"><subfield code="a">323.6/502854678</subfield><subfield code="2">23</subfield></datafield><datafield ind1=" " ind2=" " tag="090"><subfield code="a">JF1525 .A8 I68 2015</subfield><subfield code="b">AEGMCT</subfield></datafield><datafield ind1="1" ind2=" " tag="100"><subfield code="a">Isin, Engin F.</subfield><subfield code="q">(Engin Fahri),</subfield><subfield code="d">1959-</subfield><subfield code="e">author.</subfield></datafield><datafield ind1="1" ind2="0" tag="245"><subfield code="a">Being digital citizens /</subfield><subfield code="c">Engin Isin and Evelyn Ruppert.</subfield></datafield><datafield ind1=" " ind2="1" tag="264"><subfield code="a">London ;</subfield><subfield code="a">New York :</subfield><subfield code="b">Rowman &amp; Littlefield International,</subfield><subfield code="c">[2015]</subfield></datafield><datafield ind1=" " ind2=" " tag="300"><subfield code="a">vii, 212 pages ;</subfield><subfield code="c">23 cm</subfield></datafield><datafield ind1=" " ind2=" " tag="336"><subfield code="a">text</subfield><subfield code="b">txt</subfield><subfield code="2">rdacontent</subfield></datafield><datafield ind1=" " ind2=" " tag="337"><subfield code="a">unmediated</subfield><subfield code="b">n</subfield><subfield code="2">rdamedia</subfield></datafield><datafield ind1=" " ind2=" " tag="338"><subfield code="a">volume</subfield><subfield code="b">nc</subfield><subfield code="2">rdacarrier</subfield></datafield><datafield ind1=" " ind2=" " tag="504"><subfield code="a">Includes bibliographical references (pages 187-201) and index.</subfield></datafield><datafield ind1=" " ind2=" " tag="596"><subfield code="a">29</subfield></datafield><datafield ind1=" " ind2="0" tag="650"><subfield code="a">Internet in public administration.</subfield></datafield><datafield ind1=" " ind2="0" tag="650"><subfield code="a">Internet</subfield><subfield code="x">Political aspects.</subfield></datafield><datafield ind1="1" ind2=" " tag="700"><subfield code="a">Ruppert, Evelyn Sharon,</subfield><subfield code="d">1959-</subfield><subfield code="e">author.</subfield></datafield><datafield ind1=" " ind2=" " tag="949"><subfield code="a">JF1525 .A8 I68 2015</subfield><subfield code="h">GMCT-OS-B</subfield><subfield code="i">1007770991</subfield><subfield code="p">42.15</subfield><subfield code="k">AVAIL_SOON</subfield></datafield><datafield ind1=" " ind2=" " tag="926"><subfield code="a">JF1525 .A8 I68 2015</subfield><subfield code="w">LC</subfield><subfield code="c">1</subfield><subfield code="i">1007770991</subfield><subfield code="d">6/26/2015</subfield><subfield code="l">ON_SHELF</subfield><subfield code="m">GR_MACEWAN</subfield><subfield code="p">$42.15</subfield><subfield code="r">Y</subfield><subfield code="s">Y</subfield><subfield code="t">BOOK</subfield><subfield code="u">6/2/2015</subfield></datafield></record>